@misc{mapeditor,
	author={Thorbjørn Lindeijer},
	note={[Online] Available: \url{http://www.mapeditor.org/}. [Retrieved: 4 mars, 2014]},
}
@article{astar1,
	author={Peter E. Hart and Nils J. Nilsson and Bertram Raphael},
	title={A formal basis for the heuristic determination of minimum cost paths},
	journal={IEEE Transactions on Systems, Science, and Cybernetics},
	volume={SSC-4},
	number={2},
	pages={100-107},
	year={1968},
	note={[Online] Available: \url{http://ai.stanford.edu/~nilsson/OnlinePubs-Nils/PublishedPapers/astar.pdf}. [Retrieved: 26 feb, 2014]},
}

@misc{astar2,
	author={Patrick Lester},
	title={A* Pathfinding for Beginners},
	month={july},
	year={2005},
	note={[Online] Available: \url{http://www.policyalmanac.org/games/aStarTutorial.htm}. [Retrieved: 26 feb, 2014]},
}

@misc{astar3,
	author={Amit Patel},
	title={Pathfinding},
	month={feb},
	year={2014},
	note={[Online] Available: \url{http://theory.stanford.edu/~amitp/GameProgramming/#pathfinding}. [Retrieved: 26 feb, 2014]},
}

@inproceedings{defacto,
	author={Yngvi Björnsson and Kári Halldórsson},
	title={Improved Heuristics for Optimal Pathfinding on Game Maps},
	booktitle={AIIDE06},
	pages={9-14},
	year={2006},
	note={[Online] Available: \url{http://www.ru.is/~yngvi/pdf/BjornssonH06.pdf}. [Retrieved: 26 feb, 2014]},
}
